@misc{tm_figure,
  title = {Turing Machine figure},
  author = {Sebastian Sardina},
  howpublished = {\url{http://www.texample.net/tikz/examples/turing-machine-2/}},
  note = {Accessed: 2015-02-02}
}
